<?xml version="1.0" encoding="UTF-8"?><collection xmlns="http://www.loc.gov/MARC21/slim"><record><leader>00547nam--2200181-i-4500</leader><controlfield tag="001">000041296</controlfield><controlfield tag="002">20161230</controlfield><controlfield tag="005">20161230201043</controlfield><controlfield tag="008">060222s1000------------r-----000-0-fre-d</controlfield><datafield ind1=" " ind2=" " tag="040"><subfield code="a">IFIN-HH</subfield></datafield><datafield ind1=" " ind2=" " tag="041"><subfield code="a">fre</subfield></datafield><datafield ind1=" " ind2=" " tag="080"><subfield code="a">539.16.04(043)</subfield></datafield><datafield ind1="1" ind2=" " tag="100"><subfield code="a">Serughetti,Jean</subfield></datafield><datafield ind1="1" ind2="0" tag="245"><subfield code="a">Influence de la defformation plastique sur les centres de couleur dans le fluorure de lithium irradie aux rayons gamma</subfield><subfield code="b">These</subfield><subfield code="c">Jean serughetti</subfield></datafield><datafield ind1=" " ind2=" " tag="260"><subfield code="a">Strasbourg</subfield><subfield code="b">Universite</subfield><subfield code="c">1986</subfield></datafield><datafield ind1=" " ind2=" " tag="300"><subfield code="a">63P</subfield></datafield><datafield ind1=" " ind2=" " tag="852"><subfield code="a">78231</subfield><subfield code="c">539.2</subfield></datafield><datafield ind1=" " ind2=" " tag="CAT"><subfield code="a">Sys</subfield><subfield code="c">20121206</subfield><subfield code="h">173157</subfield></datafield></record></collection>